%YAML 1.1
%TAG !u! tag:unity3d.com,2011:
--- !u!1 &1235435566930657913
GameObject:
  m_ObjectHideFlags: 0
  m_CorrespondingSourceObject: {fileID: 0}
  m_PrefabInstance: {fileID: 0}
  m_PrefabAsset: {fileID: 0}
  serializedVersion: 6
  m_Component:
  - component: {fileID: 7676646393735857918}
  m_Layer: 0
  m_Name: anchor
  m_TagString: Untagged
  m_Icon: {fileID: 0}
  m_NavMeshLayer: 0
  m_StaticEditorFlags: 0
  m_IsActive: 1
--- !u!4 &7676646393735857918
Transform:
  m_ObjectHideFlags: 0
  m_CorrespondingSourceObject: {fileID: 0}
  m_PrefabInstance: {fileID: 0}
  m_PrefabAsset: {fileID: 0}
  m_GameObject: {fileID: 1235435566930657913}
  m_LocalRotation: {x: 0, y: 0, z: 0, w: 1}
  m_LocalPosition: {x: 34.551613, y: -1.4789125, z: -0.80078125}
  m_LocalScale: {x: 1, y: 1, z: 1}
  m_Children:
  - {fileID: 5994599547956292410}
  - {fileID: 7291579623957629325}
  - {fileID: 2852980252101696264}
  - {fileID: 2852980250877492256}
  - {fileID: 5994599548069135472}
  m_Father: {fileID: 0}
  m_RootOrder: 0
  m_LocalEulerAnglesHint: {x: 0, y: 0, z: 0}
--- !u!1 &2852980250574078642
GameObject:
  m_ObjectHideFlags: 0
  m_CorrespondingSourceObject: {fileID: 2503192593932753878, guid: dfd082c089dd7554884c21a2699848f0,
    type: 3}
  m_PrefabInstance: {fileID: 372376047320848740}
  m_PrefabAsset: {fileID: 0}
  serializedVersion: 6
  m_Component:
  - component: {fileID: 2852980250574078654}
  - component: {fileID: 2852980250574078641}
  - component: {fileID: 2852980250574078640}
  - component: {fileID: 2852980250574078643}
  - component: {fileID: 2852980250574078655}
  m_Layer: 0
  m_Name: Smo
  m_TagString: Untagged
  m_Icon: {fileID: 0}
  m_NavMeshLayer: 0
  m_StaticEditorFlags: 0
  m_IsActive: 1
--- !u!4 &2852980250574078654
Transform:
  m_ObjectHideFlags: 0
  m_CorrespondingSourceObject: {fileID: 2503192593932753882, guid: dfd082c089dd7554884c21a2699848f0,
    type: 3}
  m_PrefabInstance: {fileID: 372376047320848740}
  m_PrefabAsset: {fileID: 0}
  m_GameObject: {fileID: 2852980250574078642}
  m_LocalRotation: {x: -0, y: -0, z: -0.5286557, w: 0.8488364}
  m_LocalPosition: {x: -0.5300007, y: -6.9, z: 0.18275654}
  m_LocalScale: {x: 0.3635767, y: 0.39768583, z: 0.5320533}
  m_Children: []
  m_Father: {fileID: 2852980252101696264}
  m_RootOrder: 5
  m_LocalEulerAnglesHint: {x: 0, y: 0, z: -63.829002}
--- !u!212 &2852980250574078641
SpriteRenderer:
  m_ObjectHideFlags: 0
  m_CorrespondingSourceObject: {fileID: 2503192593932753877, guid: dfd082c089dd7554884c21a2699848f0,
    type: 3}
  m_PrefabInstance: {fileID: 372376047320848740}
  m_PrefabAsset: {fileID: 0}
  m_GameObject: {fileID: 2852980250574078642}
  m_Enabled: 1
  m_CastShadows: 0
  m_ReceiveShadows: 0
  m_DynamicOccludee: 1
  m_MotionVectors: 1
  m_LightProbeUsage: 1
  m_ReflectionProbeUsage: 1
  m_RayTracingMode: 0
  m_RenderingLayerMask: 1
  m_RendererPriority: 0
  m_Materials:
  - {fileID: 10754, guid: 0000000000000000f000000000000000, type: 0}
  m_StaticBatchInfo:
    firstSubMesh: 0
    subMeshCount: 0
  m_StaticBatchRoot: {fileID: 0}
  m_ProbeAnchor: {fileID: 0}
  m_LightProbeVolumeOverride: {fileID: 0}
  m_ScaleInLightmap: 1
  m_ReceiveGI: 1
  m_PreserveUVs: 0
  m_IgnoreNormalsForChartDetection: 0
  m_ImportantGI: 0
  m_StitchLightmapSeams: 1
  m_SelectedEditorRenderState: 0
  m_MinimumChartSize: 4
  m_AutoUVMaxDistance: 0.5
  m_AutoUVMaxAngle: 89
  m_LightmapParameters: {fileID: 0}
  m_SortingLayerID: 0
  m_SortingLayer: 0
  m_SortingOrder: 1
  m_Sprite: {fileID: 2063693027508729995, guid: ffd69ea257864e94fa0aacc9542f75fa,
    type: 3}
  m_Color: {r: 1, g: 1, b: 1, a: 1}
  m_FlipX: 0
  m_FlipY: 0
  m_DrawMode: 0
  m_Size: {x: 1, y: 1}
  m_AdaptiveModeThreshold: 0.5
  m_SpriteTileMode: 0
  m_WasSpriteAssigned: 1
  m_MaskInteraction: 0
  m_SpriteSortPoint: 0
--- !u!58 &2852980250574078640
CircleCollider2D:
  m_ObjectHideFlags: 0
  m_CorrespondingSourceObject: {fileID: 2503192593932753876, guid: dfd082c089dd7554884c21a2699848f0,
    type: 3}
  m_PrefabInstance: {fileID: 372376047320848740}
  m_PrefabAsset: {fileID: 0}
  m_GameObject: {fileID: 2852980250574078642}
  m_Enabled: 1
  m_Density: 1
  m_Material: {fileID: 0}
  m_IsTrigger: 0
  m_UsedByEffector: 0
  m_UsedByComposite: 0
  m_Offset: {x: -0.16832517, y: 0.07562446}
  serializedVersion: 2
  m_Radius: 2.0312042
--- !u!50 &2852980250574078643
Rigidbody2D:
  serializedVersion: 4
  m_ObjectHideFlags: 0
  m_CorrespondingSourceObject: {fileID: 2503192593932753879, guid: dfd082c089dd7554884c21a2699848f0,
    type: 3}
  m_PrefabInstance: {fileID: 372376047320848740}
  m_PrefabAsset: {fileID: 0}
  m_GameObject: {fileID: 2852980250574078642}
  m_BodyType: 0
  m_Simulated: 1
  m_UseFullKinematicContacts: 0
  m_UseAutoMass: 0
  m_Mass: 1
  m_LinearDrag: 0
  m_AngularDrag: 0.05
  m_GravityScale: 1
  m_Material: {fileID: 0}
  m_Interpolate: 0
  m_SleepingMode: 1
  m_CollisionDetection: 0
  m_Constraints: 0
--- !u!233 &2852980250574078655
HingeJoint2D:
  m_ObjectHideFlags: 0
  m_CorrespondingSourceObject: {fileID: 2503192593932753883, guid: dfd082c089dd7554884c21a2699848f0,
    type: 3}
  m_PrefabInstance: {fileID: 372376047320848740}
  m_PrefabAsset: {fileID: 0}
  m_GameObject: {fileID: 2852980250574078642}
  m_Enabled: 1
  serializedVersion: 4
  m_EnableCollision: 0
  m_ConnectedRigidBody: {fileID: 2852980251374869845}
  m_BreakForce: Infinity
  m_BreakTorque: Infinity
  m_AutoConfigureConnectedAnchor: 0
  m_Anchor: {x: -0.05371051, y: 2.1471508}
  m_ConnectedAnchor: {x: 0.0000032949665, y: 3.1900012}
  m_UseMotor: 1
  m_Motor:
    m_MotorSpeed: 0
    m_MaximumMotorForce: 10000
  m_UseLimits: 0
  m_AngleLimits:
    m_LowerAngle: 0
    m_UpperAngle: 359
--- !u!233 &2852980250684917505
HingeJoint2D:
  m_ObjectHideFlags: 0
  m_CorrespondingSourceObject: {fileID: 0}
  m_PrefabInstance: {fileID: 0}
  m_PrefabAsset: {fileID: 0}
  m_GameObject: {fileID: 6963860142359448740}
  m_Enabled: 1
  serializedVersion: 4
  m_EnableCollision: 0
  m_ConnectedRigidBody: {fileID: 2852980251802721311}
  m_BreakForce: Infinity
  m_BreakTorque: Infinity
  m_AutoConfigureConnectedAnchor: 0
  m_Anchor: {x: 0, y: 0}
  m_ConnectedAnchor: {x: 3.246498, y: -1.6152551}
  m_UseMotor: 0
  m_Motor:
    m_MotorSpeed: 0
    m_MaximumMotorForce: 10000
  m_UseLimits: 0
  m_AngleLimits:
    m_LowerAngle: 0
    m_UpperAngle: 359
--- !u!1 &2852980250877492259
GameObject:
  m_ObjectHideFlags: 0
  m_CorrespondingSourceObject: {fileID: 0}
  m_PrefabInstance: {fileID: 0}
  m_PrefabAsset: {fileID: 0}
  serializedVersion: 6
  m_Component:
  - component: {fileID: 2852980250877492256}
  - component: {fileID: 2852980250877492268}
  - component: {fileID: 2852980250877492271}
  - component: {fileID: 2852980250877492270}
  - component: {fileID: 2852980250877492257}
  m_Layer: 0
  m_Name: Line_0 (5)
  m_TagString: Untagged
  m_Icon: {fileID: 0}
  m_NavMeshLayer: 0
  m_StaticEditorFlags: 0
  m_IsActive: 1
--- !u!4 &2852980250877492256
Transform:
  m_ObjectHideFlags: 0
  m_CorrespondingSourceObject: {fileID: 0}
  m_PrefabInstance: {fileID: 0}
  m_PrefabAsset: {fileID: 0}
  m_GameObject: {fileID: 2852980250877492259}
  m_LocalRotation: {x: -0, y: -0, z: 1, w: 0}
  m_LocalPosition: {x: 0.4129715, y: 1.8689123, z: 0.80078125}
  m_LocalScale: {x: 0.22968897, y: 0.2507581, z: 0.55635}
  m_Children: []
  m_Father: {fileID: 7676646393735857918}
  m_RootOrder: 3
  m_LocalEulerAnglesHint: {x: 0, y: 0, z: 180}
--- !u!212 &2852980250877492268
SpriteRenderer:
  m_ObjectHideFlags: 0
  m_CorrespondingSourceObject: {fileID: 0}
  m_PrefabInstance: {fileID: 0}
  m_PrefabAsset: {fileID: 0}
  m_GameObject: {fileID: 2852980250877492259}
  m_Enabled: 1
  m_CastShadows: 0
  m_ReceiveShadows: 0
  m_DynamicOccludee: 1
  m_MotionVectors: 1
  m_LightProbeUsage: 1
  m_ReflectionProbeUsage: 1
  m_RayTracingMode: 0
  m_RenderingLayerMask: 1
  m_RendererPriority: 0
  m_Materials:
  - {fileID: 10754, guid: 0000000000000000f000000000000000, type: 0}
  m_StaticBatchInfo:
    firstSubMesh: 0
    subMeshCount: 0
  m_StaticBatchRoot: {fileID: 0}
  m_ProbeAnchor: {fileID: 0}
  m_LightProbeVolumeOverride: {fileID: 0}
  m_ScaleInLightmap: 1
  m_ReceiveGI: 1
  m_PreserveUVs: 0
  m_IgnoreNormalsForChartDetection: 0
  m_ImportantGI: 0
  m_StitchLightmapSeams: 1
  m_SelectedEditorRenderState: 0
  m_MinimumChartSize: 4
  m_AutoUVMaxDistance: 0.5
  m_AutoUVMaxAngle: 89
  m_LightmapParameters: {fileID: 0}
  m_SortingLayerID: 0
  m_SortingLayer: 0
  m_SortingOrder: 1
  m_Sprite: {fileID: 1547804281730946603, guid: 708f8a09acd9f3f4db36cd6a75ac94fa,
    type: 3}
  m_Color: {r: 1, g: 1, b: 1, a: 1}
  m_FlipX: 0
  m_FlipY: 0
  m_DrawMode: 0
  m_Size: {x: 1.92, y: 6.38}
  m_AdaptiveModeThreshold: 0.5
  m_SpriteTileMode: 0
  m_WasSpriteAssigned: 1
  m_MaskInteraction: 0
  m_SpriteSortPoint: 0
--- !u!61 &2852980250877492271
BoxCollider2D:
  m_ObjectHideFlags: 0
  m_CorrespondingSourceObject: {fileID: 0}
  m_PrefabInstance: {fileID: 0}
  m_PrefabAsset: {fileID: 0}
  m_GameObject: {fileID: 2852980250877492259}
  m_Enabled: 1
  m_Density: 1
  m_Material: {fileID: 0}
  m_IsTrigger: 0
  m_UsedByEffector: 0
  m_UsedByComposite: 0
  m_Offset: {x: 0.033339083, y: -0.48859715}
  m_SpriteTilingProperty:
    border: {x: 0, y: 0, z: 0, w: 0}
    pivot: {x: 0.5, y: 0.5}
    oldSize: {x: 1.92, y: 6.38}
    newSize: {x: 1.92, y: 6.38}
    adaptiveTilingThreshold: 0.5
    drawMode: 0
    adaptiveTiling: 0
  m_AutoTiling: 0
  serializedVersion: 2
  m_Size: {x: 1.986678, y: 5.402806}
  m_EdgeRadius: 0
--- !u!50 &2852980250877492270
Rigidbody2D:
  serializedVersion: 4
  m_ObjectHideFlags: 0
  m_CorrespondingSourceObject: {fileID: 0}
  m_PrefabInstance: {fileID: 0}
  m_PrefabAsset: {fileID: 0}
  m_GameObject: {fileID: 2852980250877492259}
  m_BodyType: 0
  m_Simulated: 1
  m_UseFullKinematicContacts: 0
  m_UseAutoMass: 0
  m_Mass: 1
  m_LinearDrag: 0
  m_AngularDrag: 0.05
  m_GravityScale: 1
  m_Material: {fileID: 0}
  m_Interpolate: 0
  m_SleepingMode: 1
  m_CollisionDetection: 0
  m_Constraints: 0
--- !u!233 &2852980250877492257
HingeJoint2D:
  m_ObjectHideFlags: 0
  m_CorrespondingSourceObject: {fileID: 0}
  m_PrefabInstance: {fileID: 0}
  m_PrefabAsset: {fileID: 0}
  m_GameObject: {fileID: 2852980250877492259}
  m_Enabled: 1
  serializedVersion: 4
  m_EnableCollision: 0
  m_ConnectedRigidBody: {fileID: 2852980251802721311}
  m_BreakForce: Infinity
  m_BreakTorque: Infinity
  m_AutoConfigureConnectedAnchor: 0
  m_Anchor: {x: 0, y: 0}
  m_ConnectedAnchor: {x: -2.6854134, y: -0.8647374}
  m_UseMotor: 0
  m_Motor:
    m_MotorSpeed: 0
    m_MaximumMotorForce: 10000
  m_UseLimits: 0
  m_AngleLimits:
    m_LowerAngle: 0
    m_UpperAngle: 359
--- !u!1 &2852980250930837862
GameObject:
  m_ObjectHideFlags: 0
  m_CorrespondingSourceObject: {fileID: 2503192594113339394, guid: dfd082c089dd7554884c21a2699848f0,
    type: 3}
  m_PrefabInstance: {fileID: 372376047320848740}
  m_PrefabAsset: {fileID: 0}
  serializedVersion: 6
  m_Component:
  - component: {fileID: 2852980250930837863}
  - component: {fileID: 2852980250930837859}
  - component: {fileID: 2852980250930837858}
  - component: {fileID: 2852980250930837861}
  - component: {fileID: 2852980250930837860}
  m_Layer: 0
  m_Name: Line_0 (3)
  m_TagString: Untagged
  m_Icon: {fileID: 0}
  m_NavMeshLayer: 0
  m_StaticEditorFlags: 0
  m_IsActive: 1
--- !u!4 &2852980250930837863
Transform:
  m_ObjectHideFlags: 0
  m_CorrespondingSourceObject: {fileID: 2503192594113339395, guid: dfd082c089dd7554884c21a2699848f0,
    type: 3}
  m_PrefabInstance: {fileID: 372376047320848740}
  m_PrefabAsset: {fileID: 0}
  m_GameObject: {fileID: 2852980250930837862}
  m_LocalRotation: {x: -0, y: -0, z: 1, w: 0}
  m_LocalPosition: {x: 1.55, y: -5.19, z: 0.18275654}
  m_LocalScale: {x: 0.22968897, y: 0.2507581, z: 0.55635}
  m_Children: []
  m_Father: {fileID: 2852980252101696264}
  m_RootOrder: 3
  m_LocalEulerAnglesHint: {x: 0, y: 0, z: 180}
--- !u!212 &2852980250930837859
SpriteRenderer:
  m_ObjectHideFlags: 0
  m_CorrespondingSourceObject: {fileID: 2503192594113339399, guid: dfd082c089dd7554884c21a2699848f0,
    type: 3}
  m_PrefabInstance: {fileID: 372376047320848740}
  m_PrefabAsset: {fileID: 0}
  m_GameObject: {fileID: 2852980250930837862}
  m_Enabled: 1
  m_CastShadows: 0
  m_ReceiveShadows: 0
  m_DynamicOccludee: 1
  m_MotionVectors: 1
  m_LightProbeUsage: 1
  m_ReflectionProbeUsage: 1
  m_RayTracingMode: 0
  m_RenderingLayerMask: 1
  m_RendererPriority: 0
  m_Materials:
  - {fileID: 10754, guid: 0000000000000000f000000000000000, type: 0}
  m_StaticBatchInfo:
    firstSubMesh: 0
    subMeshCount: 0
  m_StaticBatchRoot: {fileID: 0}
  m_ProbeAnchor: {fileID: 0}
  m_LightProbeVolumeOverride: {fileID: 0}
  m_ScaleInLightmap: 1
  m_ReceiveGI: 1
  m_PreserveUVs: 0
  m_IgnoreNormalsForChartDetection: 0
  m_ImportantGI: 0
  m_StitchLightmapSeams: 1
  m_SelectedEditorRenderState: 0
  m_MinimumChartSize: 4
  m_AutoUVMaxDistance: 0.5
  m_AutoUVMaxAngle: 89
  m_LightmapParameters: {fileID: 0}
  m_SortingLayerID: 0
  m_SortingLayer: 0
  m_SortingOrder: 1
  m_Sprite: {fileID: 1547804281730946603, guid: 708f8a09acd9f3f4db36cd6a75ac94fa,
    type: 3}
  m_Color: {r: 1, g: 1, b: 1, a: 1}
  m_FlipX: 0
  m_FlipY: 0
  m_DrawMode: 0
  m_Size: {x: 1.92, y: 6.38}
  m_AdaptiveModeThreshold: 0.5
  m_SpriteTileMode: 0
  m_WasSpriteAssigned: 1
  m_MaskInteraction: 0
  m_SpriteSortPoint: 0
--- !u!61 &2852980250930837858
BoxCollider2D:
  m_ObjectHideFlags: 0
  m_CorrespondingSourceObject: {fileID: 2503192594113339398, guid: dfd082c089dd7554884c21a2699848f0,
    type: 3}
  m_PrefabInstance: {fileID: 372376047320848740}
  m_PrefabAsset: {fileID: 0}
  m_GameObject: {fileID: 2852980250930837862}
  m_Enabled: 1
  m_Density: 1
  m_Material: {fileID: 0}
  m_IsTrigger: 0
  m_UsedByEffector: 0
  m_UsedByComposite: 0
  m_Offset: {x: 0.033339083, y: -0.48859715}
  m_SpriteTilingProperty:
    border: {x: 0, y: 0, z: 0, w: 0}
    pivot: {x: 0.5, y: 0.5}
    oldSize: {x: 1.92, y: 6.38}
    newSize: {x: 1.92, y: 6.38}
    adaptiveTilingThreshold: 0.5
    drawMode: 0
    adaptiveTiling: 0
  m_AutoTiling: 0
  serializedVersion: 2
  m_Size: {x: 1.986678, y: 5.402806}
  m_EdgeRadius: 0
--- !u!50 &2852980250930837861
Rigidbody2D:
  serializedVersion: 4
  m_ObjectHideFlags: 0
  m_CorrespondingSourceObject: {fileID: 2503192594113339393, guid: dfd082c089dd7554884c21a2699848f0,
    type: 3}
  m_PrefabInstance: {fileID: 372376047320848740}
  m_PrefabAsset: {fileID: 0}
  m_GameObject: {fileID: 2852980250930837862}
  m_BodyType: 0
  m_Simulated: 1
  m_UseFullKinematicContacts: 0
  m_UseAutoMass: 0
  m_Mass: 1
  m_LinearDrag: 0
  m_AngularDrag: 0.05
  m_GravityScale: 1
  m_Material: {fileID: 0}
  m_Interpolate: 0
  m_SleepingMode: 1
  m_CollisionDetection: 0
  m_Constraints: 0
--- !u!233 &2852980250930837860
HingeJoint2D:
  m_ObjectHideFlags: 0
  m_CorrespondingSourceObject: {fileID: 2503192594113339392, guid: dfd082c089dd7554884c21a2699848f0,
    type: 3}
  m_PrefabInstance: {fileID: 372376047320848740}
  m_PrefabAsset: {fileID: 0}
  m_GameObject: {fileID: 2852980250930837862}
  m_Enabled: 1
  serializedVersion: 4
  m_EnableCollision: 0
  m_ConnectedRigidBody: {fileID: 2852980252234269597}
  m_BreakForce: Infinity
  m_BreakTorque: Infinity
  m_AutoConfigureConnectedAnchor: 0
  m_Anchor: {x: 0, y: -2}
  m_ConnectedAnchor: {x: 0.0000022102795, y: 1.5954883}
  m_UseMotor: 0
  m_Motor:
    m_MotorSpeed: 0
    m_MaximumMotorForce: 10000
  m_UseLimits: 0
  m_AngleLimits:
    m_LowerAngle: 0
    m_UpperAngle: 359
--- !u!1 &2852980251125834254
GameObject:
  m_ObjectHideFlags: 0
  m_CorrespondingSourceObject: {fileID: 2503192594455149418, guid: dfd082c089dd7554884c21a2699848f0,
    type: 3}
  m_PrefabInstance: {fileID: 372376047320848740}
  m_PrefabAsset: {fileID: 0}
  serializedVersion: 6
  m_Component:
  - component: {fileID: 2852980251125834250}
  - component: {fileID: 2852980251125834253}
  - component: {fileID: 2852980251125834252}
  - component: {fileID: 2852980251125834255}
  - component: {fileID: 2852980251125834251}
  m_Layer: 0
  m_Name: Line_0
  m_TagString: Untagged
  m_Icon: {fileID: 0}
  m_NavMeshLayer: 0
  m_StaticEditorFlags: 0
  m_IsActive: 1
--- !u!4 &2852980251125834250
Transform:
  m_ObjectHideFlags: 0
  m_CorrespondingSourceObject: {fileID: 2503192594455149422, guid: dfd082c089dd7554884c21a2699848f0,
    type: 3}
  m_PrefabInstance: {fileID: 372376047320848740}
  m_PrefabAsset: {fileID: 0}
  m_GameObject: {fileID: 2852980251125834254}
  m_LocalRotation: {x: -0, y: -0, z: 1, w: 0}
  m_LocalPosition: {x: 1.57, y: -1.74, z: 0.18275654}
  m_LocalScale: {x: 0.22968897, y: 0.2507581, z: 0.55635}
  m_Children: []
  m_Father: {fileID: 2852980252101696264}
  m_RootOrder: 0
  m_LocalEulerAnglesHint: {x: 0, y: 0, z: 180}
--- !u!212 &2852980251125834253
SpriteRenderer:
  m_ObjectHideFlags: 0
  m_CorrespondingSourceObject: {fileID: 2503192594455149417, guid: dfd082c089dd7554884c21a2699848f0,
    type: 3}
  m_PrefabInstance: {fileID: 372376047320848740}
  m_PrefabAsset: {fileID: 0}
  m_GameObject: {fileID: 2852980251125834254}
  m_Enabled: 1
  m_CastShadows: 0
  m_ReceiveShadows: 0
  m_DynamicOccludee: 1
  m_MotionVectors: 1
  m_LightProbeUsage: 1
  m_ReflectionProbeUsage: 1
  m_RayTracingMode: 0
  m_RenderingLayerMask: 1
  m_RendererPriority: 0
  m_Materials:
  - {fileID: 10754, guid: 0000000000000000f000000000000000, type: 0}
  m_StaticBatchInfo:
    firstSubMesh: 0
    subMeshCount: 0
  m_StaticBatchRoot: {fileID: 0}
  m_ProbeAnchor: {fileID: 0}
  m_LightProbeVolumeOverride: {fileID: 0}
  m_ScaleInLightmap: 1
  m_ReceiveGI: 1
  m_PreserveUVs: 0
  m_IgnoreNormalsForChartDetection: 0
  m_ImportantGI: 0
  m_StitchLightmapSeams: 1
  m_SelectedEditorRenderState: 0
  m_MinimumChartSize: 4
  m_AutoUVMaxDistance: 0.5
  m_AutoUVMaxAngle: 89
  m_LightmapParameters: {fileID: 0}
  m_SortingLayerID: 0
  m_SortingLayer: 0
  m_SortingOrder: 1
  m_Sprite: {fileID: 1547804281730946603, guid: 708f8a09acd9f3f4db36cd6a75ac94fa,
    type: 3}
  m_Color: {r: 1, g: 1, b: 1, a: 1}
  m_FlipX: 0
  m_FlipY: 0
  m_DrawMode: 0
  m_Size: {x: 1.92, y: 6.38}
  m_AdaptiveModeThreshold: 0.5
  m_SpriteTileMode: 0
  m_WasSpriteAssigned: 1
  m_MaskInteraction: 0
  m_SpriteSortPoint: 0
--- !u!61 &2852980251125834252
BoxCollider2D:
  m_ObjectHideFlags: 0
  m_CorrespondingSourceObject: {fileID: 2503192594455149416, guid: dfd082c089dd7554884c21a2699848f0,
    type: 3}
  m_PrefabInstance: {fileID: 372376047320848740}
  m_PrefabAsset: {fileID: 0}
  m_GameObject: {fileID: 2852980251125834254}
  m_Enabled: 1
  m_Density: 1
  m_Material: {fileID: 0}
  m_IsTrigger: 0
  m_UsedByEffector: 0
  m_UsedByComposite: 0
  m_Offset: {x: 0.033339083, y: -0.48859715}
  m_SpriteTilingProperty:
    border: {x: 0, y: 0, z: 0, w: 0}
    pivot: {x: 0.5, y: 0.5}
    oldSize: {x: 1.92, y: 6.38}
    newSize: {x: 1.92, y: 6.38}
    adaptiveTilingThreshold: 0.5
    drawMode: 0
    adaptiveTiling: 0
  m_AutoTiling: 0
  serializedVersion: 2
  m_Size: {x: 1.986678, y: 5.402806}
  m_EdgeRadius: 0
--- !u!50 &2852980251125834255
Rigidbody2D:
  serializedVersion: 4
  m_ObjectHideFlags: 0
  m_CorrespondingSourceObject: {fileID: 2503192594455149419, guid: dfd082c089dd7554884c21a2699848f0,
    type: 3}
  m_PrefabInstance: {fileID: 372376047320848740}
  m_PrefabAsset: {fileID: 0}
  m_GameObject: {fileID: 2852980251125834254}
  m_BodyType: 0
  m_Simulated: 1
  m_UseFullKinematicContacts: 0
  m_UseAutoMass: 0
  m_Mass: 1
  m_LinearDrag: 0
  m_AngularDrag: 0.05
  m_GravityScale: 1
  m_Material: {fileID: 0}
  m_Interpolate: 0
  m_SleepingMode: 1
  m_CollisionDetection: 0
  m_Constraints: 0
--- !u!233 &2852980251125834251
HingeJoint2D:
  m_ObjectHideFlags: 0
  m_CorrespondingSourceObject: {fileID: 0}
  m_PrefabInstance: {fileID: 0}
  m_PrefabAsset: {fileID: 0}
  m_GameObject: {fileID: 2852980251125834254}
  m_Enabled: 1
  serializedVersion: 4
  m_EnableCollision: 0
  m_ConnectedRigidBody: {fileID: 2852980250877492270}
  m_BreakForce: Infinity
  m_BreakTorque: Infinity
  m_AutoConfigureConnectedAnchor: 0
  m_Anchor: {x: 0, y: -2}
  m_ConnectedAnchor: {x: 0.00000053980676, y: 1.5157301}
  m_UseMotor: 0
  m_Motor:
    m_MotorSpeed: 0
    m_MaximumMotorForce: 10000
  m_UseLimits: 0
  m_AngleLimits:
    m_LowerAngle: 0
    m_UpperAngle: 359
--- !u!1 &2852980251374869846
GameObject:
  m_ObjectHideFlags: 0
  m_CorrespondingSourceObject: {fileID: 2503192592578708530, guid: dfd082c089dd7554884c21a2699848f0,
    type: 3}
  m_PrefabInstance: {fileID: 372376047320848740}
  m_PrefabAsset: {fileID: 0}
  serializedVersion: 6
  m_Component:
  - component: {fileID: 2852980251374869847}
  - component: {fileID: 2852980251374869843}
  - component: {fileID: 2852980251374869842}
  - component: {fileID: 2852980251374869845}
  - component: {fileID: 2852980251374869844}
  m_Layer: 0
  m_Name: Line_0 (4)
  m_TagString: Untagged
  m_Icon: {fileID: 0}
  m_NavMeshLayer: 0
  m_StaticEditorFlags: 0
  m_IsActive: 1
--- !u!4 &2852980251374869847
Transform:
  m_ObjectHideFlags: 0
  m_CorrespondingSourceObject: {fileID: 2503192592578708531, guid: dfd082c089dd7554884c21a2699848f0,
    type: 3}
  m_PrefabInstance: {fileID: 372376047320848740}
  m_PrefabAsset: {fileID: 0}
  m_GameObject: {fileID: 2852980251374869846}
  m_LocalRotation: {x: -0, y: -0, z: 0.8684762, w: 0.49573094}
  m_LocalPosition: {x: 0.8899994, y: -6.16, z: 0.18275654}
  m_LocalScale: {x: 0.22968897, y: 0.2507581, z: 0.55635}
  m_Children: []
  m_Father: {fileID: 2852980252101696264}
  m_RootOrder: 4
  m_LocalEulerAnglesHint: {x: 0, y: 0, z: 120.564}
--- !u!212 &2852980251374869843
SpriteRenderer:
  m_ObjectHideFlags: 0
  m_CorrespondingSourceObject: {fileID: 2503192592578708535, guid: dfd082c089dd7554884c21a2699848f0,
    type: 3}
  m_PrefabInstance: {fileID: 372376047320848740}
  m_PrefabAsset: {fileID: 0}
  m_GameObject: {fileID: 2852980251374869846}
  m_Enabled: 1
  m_CastShadows: 0
  m_ReceiveShadows: 0
  m_DynamicOccludee: 1
  m_MotionVectors: 1
  m_LightProbeUsage: 1
  m_ReflectionProbeUsage: 1
  m_RayTracingMode: 0
  m_RenderingLayerMask: 1
  m_RendererPriority: 0
  m_Materials:
  - {fileID: 10754, guid: 0000000000000000f000000000000000, type: 0}
  m_StaticBatchInfo:
    firstSubMesh: 0
    subMeshCount: 0
  m_StaticBatchRoot: {fileID: 0}
  m_ProbeAnchor: {fileID: 0}
  m_LightProbeVolumeOverride: {fileID: 0}
  m_ScaleInLightmap: 1
  m_ReceiveGI: 1
  m_PreserveUVs: 0
  m_IgnoreNormalsForChartDetection: 0
  m_ImportantGI: 0
  m_StitchLightmapSeams: 1
  m_SelectedEditorRenderState: 0
  m_MinimumChartSize: 4
  m_AutoUVMaxDistance: 0.5
  m_AutoUVMaxAngle: 89
  m_LightmapParameters: {fileID: 0}
  m_SortingLayerID: 0
  m_SortingLayer: 0
  m_SortingOrder: 1
  m_Sprite: {fileID: 1547804281730946603, guid: 708f8a09acd9f3f4db36cd6a75ac94fa,
    type: 3}
  m_Color: {r: 1, g: 1, b: 1, a: 1}
  m_FlipX: 0
  m_FlipY: 0
  m_DrawMode: 0
  m_Size: {x: 1.92, y: 6.38}
  m_AdaptiveModeThreshold: 0.5
  m_SpriteTileMode: 0
  m_WasSpriteAssigned: 1
  m_MaskInteraction: 0
  m_SpriteSortPoint: 0
--- !u!61 &2852980251374869842
BoxCollider2D:
  m_ObjectHideFlags: 0
  m_CorrespondingSourceObject: {fileID: 2503192592578708534, guid: dfd082c089dd7554884c21a2699848f0,
    type: 3}
  m_PrefabInstance: {fileID: 372376047320848740}
  m_PrefabAsset: {fileID: 0}
  m_GameObject: {fileID: 2852980251374869846}
  m_Enabled: 1
  m_Density: 1
  m_Material: {fileID: 0}
  m_IsTrigger: 0
  m_UsedByEffector: 0
  m_UsedByComposite: 0
  m_Offset: {x: 0.033339083, y: -0.48859715}
  m_SpriteTilingProperty:
    border: {x: 0, y: 0, z: 0, w: 0}
    pivot: {x: 0.5, y: 0.5}
    oldSize: {x: 1.92, y: 6.38}
    newSize: {x: 1.92, y: 6.38}
    adaptiveTilingThreshold: 0.5
    drawMode: 0
    adaptiveTiling: 0
  m_AutoTiling: 0
  serializedVersion: 2
  m_Size: {x: 1.986678, y: 5.402806}
  m_EdgeRadius: 0
--- !u!50 &2852980251374869845
Rigidbody2D:
  serializedVersion: 4
  m_ObjectHideFlags: 0
  m_CorrespondingSourceObject: {fileID: 2503192592578708529, guid: dfd082c089dd7554884c21a2699848f0,
    type: 3}
  m_PrefabInstance: {fileID: 372376047320848740}
  m_PrefabAsset: {fileID: 0}
  m_GameObject: {fileID: 2852980251374869846}
  m_BodyType: 0
  m_Simulated: 1
  m_UseFullKinematicContacts: 0
  m_UseAutoMass: 0
  m_Mass: 1
  m_LinearDrag: 0
  m_AngularDrag: 0.05
  m_GravityScale: 1
  m_Material: {fileID: 0}
  m_Interpolate: 0
  m_SleepingMode: 1
  m_CollisionDetection: 0
  m_Constraints: 0
--- !u!233 &2852980251374869844
HingeJoint2D:
  m_ObjectHideFlags: 0
  m_CorrespondingSourceObject: {fileID: 2503192592578708528, guid: dfd082c089dd7554884c21a2699848f0,
    type: 3}
  m_PrefabInstance: {fileID: 372376047320848740}
  m_PrefabAsset: {fileID: 0}
  m_GameObject: {fileID: 2852980251374869846}
  m_Enabled: 1
  serializedVersion: 4
  m_EnableCollision: 0
  m_ConnectedRigidBody: {fileID: 2852980250930837861}
  m_BreakForce: Infinity
  m_BreakTorque: Infinity
  m_AutoConfigureConnectedAnchor: 0
  m_Anchor: {x: 0, y: -2}
  m_ConnectedAnchor: {x: 0.0000026860464, y: 1.7948828}
  m_UseMotor: 0
  m_Motor:
    m_MotorSpeed: 0
    m_MaximumMotorForce: 10000
  m_UseLimits: 0
  m_AngleLimits:
    m_LowerAngle: 0
    m_UpperAngle: 359
--- !u!50 &2852980251802721311
Rigidbody2D:
  serializedVersion: 4
  m_ObjectHideFlags: 0
  m_CorrespondingSourceObject: {fileID: 0}
  m_PrefabInstance: {fileID: 0}
  m_PrefabAsset: {fileID: 0}
  m_GameObject: {fileID: 1396851549019784502}
  m_BodyType: 0
  m_Simulated: 1
  m_UseFullKinematicContacts: 0
  m_UseAutoMass: 0
  m_Mass: 1
  m_LinearDrag: 0
  m_AngularDrag: 0.05
  m_GravityScale: 0
  m_Material: {fileID: 0}
  m_Interpolate: 0
  m_SleepingMode: 1
  m_CollisionDetection: 0
  m_Constraints: 0
--- !u!255 &2852980251827365289
FixedJoint2D:
  m_ObjectHideFlags: 0
  m_CorrespondingSourceObject: {fileID: 0}
  m_PrefabInstance: {fileID: 0}
  m_PrefabAsset: {fileID: 0}
  m_GameObject: {fileID: 6963860142463919086}
  m_Enabled: 1
  serializedVersion: 4
  m_EnableCollision: 0
  m_ConnectedRigidBody: {fileID: 2852980251802721311}
  m_BreakForce: 150
  m_BreakTorque: Infinity
  m_AutoConfigureConnectedAnchor: 1
  m_Anchor: {x: 0, y: 0}
  m_ConnectedAnchor: {x: -3.369999, y: -0.7608448}
  m_DampingRatio: 0
  m_Frequency: 0
--- !u!1 &2852980251968774980
GameObject:
  m_ObjectHideFlags: 0
  m_CorrespondingSourceObject: {fileID: 2503192593075141152, guid: dfd082c089dd7554884c21a2699848f0,
    type: 3}
  m_PrefabInstance: {fileID: 372376047320848740}
  m_PrefabAsset: {fileID: 0}
  serializedVersion: 6
  m_Component:
  - component: {fileID: 2852980251968774977}
  - component: {fileID: 2852980251968774976}
  - component: {fileID: 2852980251968774979}
  - component: {fileID: 2852980251968774978}
  - component: {fileID: 2852980251968774981}
  m_Layer: 0
  m_Name: Line_0 (1)
  m_TagString: Untagged
  m_Icon: {fileID: 0}
  m_NavMeshLayer: 0
  m_StaticEditorFlags: 0
  m_IsActive: 1
--- !u!4 &2852980251968774977
Transform:
  m_ObjectHideFlags: 0
  m_CorrespondingSourceObject: {fileID: 2503192593075141157, guid: dfd082c089dd7554884c21a2699848f0,
    type: 3}
  m_PrefabInstance: {fileID: 372376047320848740}
  m_PrefabAsset: {fileID: 0}
  m_GameObject: {fileID: 2852980251968774980}
  m_LocalRotation: {x: -0, y: -0, z: 1, w: 0}
  m_LocalPosition: {x: 1.61, y: -2.89, z: 0.18275654}
  m_LocalScale: {x: 0.22968897, y: 0.2507581, z: 0.55635}
  m_Children: []
  m_Father: {fileID: 2852980252101696264}
  m_RootOrder: 1
  m_LocalEulerAnglesHint: {x: 0, y: 0, z: 180}
--- !u!212 &2852980251968774976
SpriteRenderer:
  m_ObjectHideFlags: 0
  m_CorrespondingSourceObject: {fileID: 2503192593075141156, guid: dfd082c089dd7554884c21a2699848f0,
    type: 3}
  m_PrefabInstance: {fileID: 372376047320848740}
  m_PrefabAsset: {fileID: 0}
  m_GameObject: {fileID: 2852980251968774980}
  m_Enabled: 1
  m_CastShadows: 0
  m_ReceiveShadows: 0
  m_DynamicOccludee: 1
  m_MotionVectors: 1
  m_LightProbeUsage: 1
  m_ReflectionProbeUsage: 1
  m_RayTracingMode: 0
  m_RenderingLayerMask: 1
  m_RendererPriority: 0
  m_Materials:
  - {fileID: 10754, guid: 0000000000000000f000000000000000, type: 0}
  m_StaticBatchInfo:
    firstSubMesh: 0
    subMeshCount: 0
  m_StaticBatchRoot: {fileID: 0}
  m_ProbeAnchor: {fileID: 0}
  m_LightProbeVolumeOverride: {fileID: 0}
  m_ScaleInLightmap: 1
  m_ReceiveGI: 1
  m_PreserveUVs: 0
  m_IgnoreNormalsForChartDetection: 0
  m_ImportantGI: 0
  m_StitchLightmapSeams: 1
  m_SelectedEditorRenderState: 0
  m_MinimumChartSize: 4
  m_AutoUVMaxDistance: 0.5
  m_AutoUVMaxAngle: 89
  m_LightmapParameters: {fileID: 0}
  m_SortingLayerID: 0
  m_SortingLayer: 0
  m_SortingOrder: 1
  m_Sprite: {fileID: 1547804281730946603, guid: 708f8a09acd9f3f4db36cd6a75ac94fa,
    type: 3}
  m_Color: {r: 1, g: 1, b: 1, a: 1}
  m_FlipX: 0
  m_FlipY: 0
  m_DrawMode: 0
  m_Size: {x: 1.92, y: 6.38}
  m_AdaptiveModeThreshold: 0.5
  m_SpriteTileMode: 0
  m_WasSpriteAssigned: 1
  m_MaskInteraction: 0
  m_SpriteSortPoint: 0
--- !u!61 &2852980251968774979
BoxCollider2D:
  m_ObjectHideFlags: 0
  m_CorrespondingSourceObject: {fileID: 2503192593075141159, guid: dfd082c089dd7554884c21a2699848f0,
    type: 3}
  m_PrefabInstance: {fileID: 372376047320848740}
  m_PrefabAsset: {fileID: 0}
  m_GameObject: {fileID: 2852980251968774980}
  m_Enabled: 1
  m_Density: 1
  m_Material: {fileID: 0}
  m_IsTrigger: 0
  m_UsedByEffector: 0
  m_UsedByComposite: 0
  m_Offset: {x: 0.033339083, y: -0.48859715}
  m_SpriteTilingProperty:
    border: {x: 0, y: 0, z: 0, w: 0}
    pivot: {x: 0.5, y: 0.5}
    oldSize: {x: 1.92, y: 6.38}
    newSize: {x: 1.92, y: 6.38}
    adaptiveTilingThreshold: 0.5
    drawMode: 0
    adaptiveTiling: 0
  m_AutoTiling: 0
  serializedVersion: 2
  m_Size: {x: 1.986678, y: 5.402806}
  m_EdgeRadius: 0
--- !u!50 &2852980251968774978
Rigidbody2D:
  serializedVersion: 4
  m_ObjectHideFlags: 0
  m_CorrespondingSourceObject: {fileID: 2503192593075141158, guid: dfd082c089dd7554884c21a2699848f0,
    type: 3}
  m_PrefabInstance: {fileID: 372376047320848740}
  m_PrefabAsset: {fileID: 0}
  m_GameObject: {fileID: 2852980251968774980}
  m_BodyType: 0
  m_Simulated: 1
  m_UseFullKinematicContacts: 0
  m_UseAutoMass: 0
  m_Mass: 1
  m_LinearDrag: 0
  m_AngularDrag: 0.05
  m_GravityScale: 1
  m_Material: {fileID: 0}
  m_Interpolate: 0
  m_SleepingMode: 1
  m_CollisionDetection: 0
  m_Constraints: 0
--- !u!233 &2852980251968774981
HingeJoint2D:
  m_ObjectHideFlags: 0
  m_CorrespondingSourceObject: {fileID: 2503192593075141153, guid: dfd082c089dd7554884c21a2699848f0,
    type: 3}
  m_PrefabInstance: {fileID: 372376047320848740}
  m_PrefabAsset: {fileID: 0}
  m_GameObject: {fileID: 2852980251968774980}
  m_Enabled: 1
  serializedVersion: 4
  m_EnableCollision: 0
  m_ConnectedRigidBody: {fileID: 2852980251125834255}
  m_BreakForce: Infinity
  m_BreakTorque: Infinity
  m_AutoConfigureConnectedAnchor: 0
  m_Anchor: {x: 0, y: -2}
  m_ConnectedAnchor: {x: 0.0017434395, y: 2.1859117}
  m_UseMotor: 0
  m_Motor:
    m_MotorSpeed: 0
    m_MaximumMotorForce: 10000
  m_UseLimits: 0
  m_AngleLimits:
    m_LowerAngle: 0
    m_UpperAngle: 359
--- !u!1 &2852980252101696267
GameObject:
  m_ObjectHideFlags: 0
  m_CorrespondingSourceObject: {fileID: 2503192593212736111, guid: dfd082c089dd7554884c21a2699848f0,
    type: 3}
  m_PrefabInstance: {fileID: 372376047320848740}
  m_PrefabAsset: {fileID: 0}
  serializedVersion: 6
  m_Component:
  - component: {fileID: 2852980252101696264}
  m_Layer: 0
  m_Name: Soo
  m_TagString: Untagged
  m_Icon: {fileID: 0}
  m_NavMeshLayer: 0
  m_StaticEditorFlags: 0
  m_IsActive: 1
--- !u!4 &2852980252101696264
Transform:
  m_ObjectHideFlags: 0
  m_CorrespondingSourceObject: {fileID: 2503192593212736108, guid: dfd082c089dd7554884c21a2699848f0,
    type: 3}
  m_PrefabInstance: {fileID: 372376047320848740}
  m_PrefabAsset: {fileID: 0}
  m_GameObject: {fileID: 2852980252101696267}
  m_LocalRotation: {x: -0, y: -0, z: -0, w: 1}
  m_LocalPosition: {x: -2.2070274, y: 3.4989123, z: 0.6180247}
  m_LocalScale: {x: 1, y: 1, z: 1}
  m_Children:
  - {fileID: 2852980251125834250}
  - {fileID: 2852980251968774977}
  - {fileID: 2852980252234269599}
  - {fileID: 2852980250930837863}
  - {fileID: 2852980251374869847}
  - {fileID: 2852980250574078654}
  m_Father: {fileID: 7676646393735857918}
  m_RootOrder: 2
  m_LocalEulerAnglesHint: {x: 0, y: 0, z: 0}
--- !u!1 &2852980252234269598
GameObject:
  m_ObjectHideFlags: 0
  m_CorrespondingSourceObject: {fileID: 2503192593346370298, guid: dfd082c089dd7554884c21a2699848f0,
    type: 3}
  m_PrefabInstance: {fileID: 372376047320848740}
  m_PrefabAsset: {fileID: 0}
  serializedVersion: 6
  m_Component:
  - component: {fileID: 2852980252234269599}
  - component: {fileID: 2852980252234269595}
  - component: {fileID: 2852980252234269594}
  - component: {fileID: 2852980252234269597}
  - component: {fileID: 2852980252234269596}
  m_Layer: 0
  m_Name: Line_0 (2)
  m_TagString: Untagged
  m_Icon: {fileID: 0}
  m_NavMeshLayer: 0
  m_StaticEditorFlags: 0
  m_IsActive: 1
--- !u!4 &2852980252234269599
Transform:
  m_ObjectHideFlags: 0
  m_CorrespondingSourceObject: {fileID: 2503192593346370299, guid: dfd082c089dd7554884c21a2699848f0,
    type: 3}
  m_PrefabInstance: {fileID: 372376047320848740}
  m_PrefabAsset: {fileID: 0}
  m_GameObject: {fileID: 2852980252234269598}
  m_LocalRotation: {x: -0, y: -0, z: 1, w: 0}
  m_LocalPosition: {x: 1.59, y: -4.04, z: 0.18275654}
  m_LocalScale: {x: 0.22968897, y: 0.2507581, z: 0.55635}
  m_Children: []
  m_Father: {fileID: 2852980252101696264}
  m_RootOrder: 2
  m_LocalEulerAnglesHint: {x: 0, y: 0, z: 180}
--- !u!212 &2852980252234269595
SpriteRenderer:
  m_ObjectHideFlags: 0
  m_CorrespondingSourceObject: {fileID: 2503192593346370303, guid: dfd082c089dd7554884c21a2699848f0,
    type: 3}
  m_PrefabInstance: {fileID: 372376047320848740}
  m_PrefabAsset: {fileID: 0}
  m_GameObject: {fileID: 2852980252234269598}
  m_Enabled: 1
  m_CastShadows: 0
  m_ReceiveShadows: 0
  m_DynamicOccludee: 1
  m_MotionVectors: 1
  m_LightProbeUsage: 1
  m_ReflectionProbeUsage: 1
  m_RayTracingMode: 0
  m_RenderingLayerMask: 1
  m_RendererPriority: 0
  m_Materials:
  - {fileID: 10754, guid: 0000000000000000f000000000000000, type: 0}
  m_StaticBatchInfo:
    firstSubMesh: 0
    subMeshCount: 0
  m_StaticBatchRoot: {fileID: 0}
  m_ProbeAnchor: {fileID: 0}
  m_LightProbeVolumeOverride: {fileID: 0}
  m_ScaleInLightmap: 1
  m_ReceiveGI: 1
  m_PreserveUVs: 0
  m_IgnoreNormalsForChartDetection: 0
  m_ImportantGI: 0
  m_StitchLightmapSeams: 1
  m_SelectedEditorRenderState: 0
  m_MinimumChartSize: 4
  m_AutoUVMaxDistance: 0.5
  m_AutoUVMaxAngle: 89
  m_LightmapParameters: {fileID: 0}
  m_SortingLayerID: 0
  m_SortingLayer: 0
  m_SortingOrder: 1
  m_Sprite: {fileID: 1547804281730946603, guid: 708f8a09acd9f3f4db36cd6a75ac94fa,
    type: 3}
  m_Color: {r: 1, g: 1, b: 1, a: 1}
  m_FlipX: 0
  m_FlipY: 0
  m_DrawMode: 0
  m_Size: {x: 1.92, y: 6.38}
  m_AdaptiveModeThreshold: 0.5
  m_SpriteTileMode: 0
  m_WasSpriteAssigned: 1
  m_MaskInteraction: 0
  m_SpriteSortPoint: 0
--- !u!61 &2852980252234269594
BoxCollider2D:
  m_ObjectHideFlags: 0
  m_CorrespondingSourceObject: {fileID: 2503192593346370302, guid: dfd082c089dd7554884c21a2699848f0,
    type: 3}
  m_PrefabInstance: {fileID: 372376047320848740}
  m_PrefabAsset: {fileID: 0}
  m_GameObject: {fileID: 2852980252234269598}
  m_Enabled: 1
  m_Density: 1
  m_Material: {fileID: 0}
  m_IsTrigger: 0
  m_UsedByEffector: 0
  m_UsedByComposite: 0
  m_Offset: {x: 0.033339083, y: -0.48859715}
  m_SpriteTilingProperty:
    border: {x: 0, y: 0, z: 0, w: 0}
    pivot: {x: 0.5, y: 0.5}
    oldSize: {x: 1.92, y: 6.38}
    newSize: {x: 1.92, y: 6.38}
    adaptiveTilingThreshold: 0.5
    drawMode: 0
    adaptiveTiling: 0
  m_AutoTiling: 0
  serializedVersion: 2
  m_Size: {x: 1.986678, y: 5.402806}
  m_EdgeRadius: 0
--- !u!50 &2852980252234269597
Rigidbody2D:
  serializedVersion: 4
  m_ObjectHideFlags: 0
  m_CorrespondingSourceObject: {fileID: 2503192593346370297, guid: dfd082c089dd7554884c21a2699848f0,
    type: 3}
  m_PrefabInstance: {fileID: 372376047320848740}
  m_PrefabAsset: {fileID: 0}
  m_GameObject: {fileID: 2852980252234269598}
  m_BodyType: 0
  m_Simulated: 1
  m_UseFullKinematicContacts: 0
  m_UseAutoMass: 0
  m_Mass: 1
  m_LinearDrag: 0
  m_AngularDrag: 0.05
  m_GravityScale: 1
  m_Material: {fileID: 0}
  m_Interpolate: 0
  m_SleepingMode: 1
  m_CollisionDetection: 0
  m_Constraints: 0
--- !u!233 &2852980252234269596
HingeJoint2D:
  m_ObjectHideFlags: 0
  m_CorrespondingSourceObject: {fileID: 2503192593346370296, guid: dfd082c089dd7554884c21a2699848f0,
    type: 3}
  m_PrefabInstance: {fileID: 372376047320848740}
  m_PrefabAsset: {fileID: 0}
  m_GameObject: {fileID: 2852980252234269598}
  m_Enabled: 1
  serializedVersion: 4
  m_EnableCollision: 0
  m_ConnectedRigidBody: {fileID: 2852980251968774978}
  m_BreakForce: Infinity
  m_BreakTorque: Infinity
  m_AutoConfigureConnectedAnchor: 0
  m_Anchor: {x: 0, y: -2}
  m_ConnectedAnchor: {x: 0.0000029791192, y: 2.0540977}
  m_UseMotor: 0
  m_Motor:
    m_MotorSpeed: 0
    m_MaximumMotorForce: 10000
  m_UseLimits: 0
  m_AngleLimits:
    m_LowerAngle: 0
    m_UpperAngle: 359
--- !u!1001 &372376047320848740
PrefabInstance:
  m_ObjectHideFlags: 0
  serializedVersion: 2
  m_Modification:
    m_TransformParent: {fileID: 7676646393735857918}
    m_Modifications:
    - target: {fileID: 2503192593212736108, guid: dfd082c089dd7554884c21a2699848f0,
        type: 3}
      propertyPath: m_LocalPosition.x
      value: -2.2070274
      objectReference: {fileID: 0}
    - target: {fileID: 2503192593212736108, guid: dfd082c089dd7554884c21a2699848f0,
        type: 3}
      propertyPath: m_LocalPosition.y
      value: 3.4989123
      objectReference: {fileID: 0}
    - target: {fileID: 2503192593212736108, guid: dfd082c089dd7554884c21a2699848f0,
        type: 3}
      propertyPath: m_LocalPosition.z
      value: 0.6180247
      objectReference: {fileID: 0}
    - target: {fileID: 2503192593212736108, guid: dfd082c089dd7554884c21a2699848f0,
        type: 3}
      propertyPath: m_LocalRotation.x
      value: -0
      objectReference: {fileID: 0}
    - target: {fileID: 2503192593212736108, guid: dfd082c089dd7554884c21a2699848f0,
        type: 3}
      propertyPath: m_LocalRotation.y
      value: -0
      objectReference: {fileID: 0}
    - target: {fileID: 2503192593212736108, guid: dfd082c089dd7554884c21a2699848f0,
        type: 3}
      propertyPath: m_LocalRotation.z
      value: -0
      objectReference: {fileID: 0}
    - target: {fileID: 2503192593212736108, guid: dfd082c089dd7554884c21a2699848f0,
        type: 3}
      propertyPath: m_LocalRotation.w
      value: 1
      objectReference: {fileID: 0}
    - target: {fileID: 2503192593212736108, guid: dfd082c089dd7554884c21a2699848f0,
        type: 3}
      propertyPath: m_RootOrder
      value: 2
      objectReference: {fileID: 0}
    - target: {fileID: 2503192593212736108, guid: dfd082c089dd7554884c21a2699848f0,
        type: 3}
      propertyPath: m_LocalEulerAnglesHint.x
      value: 0
      objectReference: {fileID: 0}
    - target: {fileID: 2503192593212736108, guid: dfd082c089dd7554884c21a2699848f0,
        type: 3}
      propertyPath: m_LocalEulerAnglesHint.y
      value: 0
      objectReference: {fileID: 0}
    - target: {fileID: 2503192593212736108, guid: dfd082c089dd7554884c21a2699848f0,
        type: 3}
      propertyPath: m_LocalEulerAnglesHint.z
      value: 0
      objectReference: {fileID: 0}
    - target: {fileID: 2503192593212736111, guid: dfd082c089dd7554884c21a2699848f0,
        type: 3}
      propertyPath: m_Name
      value: Soo
      objectReference: {fileID: 0}
    - target: {fileID: 2503192593932753876, guid: dfd082c089dd7554884c21a2699848f0,
        type: 3}
      propertyPath: m_Offset.x
      value: -0.16832517
      objectReference: {fileID: 0}
    - target: {fileID: 2503192593932753876, guid: dfd082c089dd7554884c21a2699848f0,
        type: 3}
      propertyPath: m_Offset.y
      value: 0.07562446
      objectReference: {fileID: 0}
    - target: {fileID: 2503192593932753876, guid: dfd082c089dd7554884c21a2699848f0,
        type: 3}
      propertyPath: m_Radius
      value: 2.0312042
      objectReference: {fileID: 0}
    - target: {fileID: 2503192594455149419, guid: dfd082c089dd7554884c21a2699848f0,
        type: 3}
      propertyPath: m_BodyType
      value: 0
      objectReference: {fileID: 0}
    m_RemovedComponents: []
  m_SourcePrefab: {fileID: 100100000, guid: dfd082c089dd7554884c21a2699848f0, type: 3}
--- !u!1001 &2852980250394340343
PrefabInstance:
  m_ObjectHideFlags: 0
  serializedVersion: 2
  m_Modification:
    m_TransformParent: {fileID: 7676646393735857918}
    m_Modifications:
    - target: {fileID: 3816043641327251137, guid: 867408156ee412d428ece3e756f0ab29,
        type: 3}
      propertyPath: m_Name
      value: Floor_0 (2)
      objectReference: {fileID: 0}
    - target: {fileID: 4802868435057713786, guid: 867408156ee412d428ece3e756f0ab29,
        type: 3}
      propertyPath: m_LocalPosition.x
      value: 3.148388
      objectReference: {fileID: 0}
    - target: {fileID: 4802868435057713786, guid: 867408156ee412d428ece3e756f0ab29,
        type: 3}
      propertyPath: m_LocalPosition.y
      value: 2.6289124
      objectReference: {fileID: 0}
    - target: {fileID: 4802868435057713786, guid: 867408156ee412d428ece3e756f0ab29,
        type: 3}
      propertyPath: m_LocalPosition.z
      value: 0.80078125
      objectReference: {fileID: 0}
    - target: {fileID: 4802868435057713786, guid: 867408156ee412d428ece3e756f0ab29,
        type: 3}
      propertyPath: m_LocalRotation.x
      value: -0
      objectReference: {fileID: 0}
    - target: {fileID: 4802868435057713786, guid: 867408156ee412d428ece3e756f0ab29,
        type: 3}
      propertyPath: m_LocalRotation.y
      value: -0
      objectReference: {fileID: 0}
    - target: {fileID: 4802868435057713786, guid: 867408156ee412d428ece3e756f0ab29,
        type: 3}
      propertyPath: m_LocalRotation.z
      value: -0
      objectReference: {fileID: 0}
    - target: {fileID: 4802868435057713786, guid: 867408156ee412d428ece3e756f0ab29,
        type: 3}
      propertyPath: m_LocalRotation.w
      value: 1
      objectReference: {fileID: 0}
    - target: {fileID: 4802868435057713786, guid: 867408156ee412d428ece3e756f0ab29,
        type: 3}
      propertyPath: m_RootOrder
      value: 1
      objectReference: {fileID: 0}
    - target: {fileID: 4802868435057713786, guid: 867408156ee412d428ece3e756f0ab29,
        type: 3}
      propertyPath: m_LocalEulerAnglesHint.x
      value: 0
      objectReference: {fileID: 0}
    - target: {fileID: 4802868435057713786, guid: 867408156ee412d428ece3e756f0ab29,
        type: 3}
      propertyPath: m_LocalEulerAnglesHint.y
      value: 0
      objectReference: {fileID: 0}
    - target: {fileID: 4802868435057713786, guid: 867408156ee412d428ece3e756f0ab29,
        type: 3}
      propertyPath: m_LocalEulerAnglesHint.z
      value: 0
      objectReference: {fileID: 0}
    m_RemovedComponents: []
  m_SourcePrefab: {fileID: 100100000, guid: 867408156ee412d428ece3e756f0ab29, type: 3}
--- !u!1 &1396851549019784502 stripped
GameObject:
  m_CorrespondingSourceObject: {fileID: 3816043641327251137, guid: 867408156ee412d428ece3e756f0ab29,
    type: 3}
  m_PrefabInstance: {fileID: 2852980250394340343}
  m_PrefabAsset: {fileID: 0}
--- !u!4 &7291579623957629325 stripped
Transform:
  m_CorrespondingSourceObject: {fileID: 4802868435057713786, guid: 867408156ee412d428ece3e756f0ab29,
    type: 3}
  m_PrefabInstance: {fileID: 2852980250394340343}
  m_PrefabAsset: {fileID: 0}
--- !u!1001 &2852980252151788524
PrefabInstance:
  m_ObjectHideFlags: 0
  serializedVersion: 2
  m_Modification:
    m_TransformParent: {fileID: 7676646393735857918}
    m_Modifications:
    - target: {fileID: 5130527461722832712, guid: 39eccc9bc40264e4c9cac4e0045c470e,
        type: 3}
      propertyPath: m_Name
      value: Line_0
      objectReference: {fileID: 0}
    - target: {fileID: 8405628866438559644, guid: 39eccc9bc40264e4c9cac4e0045c470e,
        type: 3}
      propertyPath: m_LocalPosition.x
      value: 6.4283867
      objectReference: {fileID: 0}
    - target: {fileID: 8405628866438559644, guid: 39eccc9bc40264e4c9cac4e0045c470e,
        type: 3}
      propertyPath: m_LocalPosition.y
      value: 2.1759124
      objectReference: {fileID: 0}
    - target: {fileID: 8405628866438559644, guid: 39eccc9bc40264e4c9cac4e0045c470e,
        type: 3}
      propertyPath: m_LocalPosition.z
      value: 0.80078125
      objectReference: {fileID: 0}
    - target: {fileID: 8405628866438559644, guid: 39eccc9bc40264e4c9cac4e0045c470e,
        type: 3}
      propertyPath: m_LocalRotation.x
      value: -0
      objectReference: {fileID: 0}
    - target: {fileID: 8405628866438559644, guid: 39eccc9bc40264e4c9cac4e0045c470e,
        type: 3}
      propertyPath: m_LocalRotation.y
      value: -0
      objectReference: {fileID: 0}
    - target: {fileID: 8405628866438559644, guid: 39eccc9bc40264e4c9cac4e0045c470e,
        type: 3}
      propertyPath: m_LocalRotation.z
      value: 1
      objectReference: {fileID: 0}
    - target: {fileID: 8405628866438559644, guid: 39eccc9bc40264e4c9cac4e0045c470e,
        type: 3}
      propertyPath: m_LocalRotation.w
      value: 0
      objectReference: {fileID: 0}
    - target: {fileID: 8405628866438559644, guid: 39eccc9bc40264e4c9cac4e0045c470e,
        type: 3}
      propertyPath: m_RootOrder
      value: 4
      objectReference: {fileID: 0}
    - target: {fileID: 8405628866438559644, guid: 39eccc9bc40264e4c9cac4e0045c470e,
        type: 3}
      propertyPath: m_LocalEulerAnglesHint.x
      value: 0
      objectReference: {fileID: 0}
    - target: {fileID: 8405628866438559644, guid: 39eccc9bc40264e4c9cac4e0045c470e,
        type: 3}
      propertyPath: m_LocalEulerAnglesHint.y
      value: 0
      objectReference: {fileID: 0}
    - target: {fileID: 8405628866438559644, guid: 39eccc9bc40264e4c9cac4e0045c470e,
        type: 3}
      propertyPath: m_LocalEulerAnglesHint.z
      value: 180
      objectReference: {fileID: 0}
    m_RemovedComponents: []
  m_SourcePrefab: {fileID: 100100000, guid: 39eccc9bc40264e4c9cac4e0045c470e, type: 3}
--- !u!1 &6963860142359448740 stripped
GameObject:
  m_CorrespondingSourceObject: {fileID: 5130527461722832712, guid: 39eccc9bc40264e4c9cac4e0045c470e,
    type: 3}
  m_PrefabInstance: {fileID: 2852980252151788524}
  m_PrefabAsset: {fileID: 0}
--- !u!4 &5994599548069135472 stripped
Transform:
  m_CorrespondingSourceObject: {fileID: 8405628866438559644, guid: 39eccc9bc40264e4c9cac4e0045c470e,
    type: 3}
  m_PrefabInstance: {fileID: 2852980252151788524}
  m_PrefabAsset: {fileID: 0}
--- !u!1001 &2852980252331744422
PrefabInstance:
  m_ObjectHideFlags: 0
  serializedVersion: 2
  m_Modification:
    m_TransformParent: {fileID: 7676646393735857918}
    m_Modifications:
    - target: {fileID: 5130527461722832712, guid: 39eccc9bc40264e4c9cac4e0045c470e,
        type: 3}
      propertyPath: m_Name
      value: Line_0 (1)
      objectReference: {fileID: 0}
    - target: {fileID: 8405628866438559644, guid: 39eccc9bc40264e4c9cac4e0045c470e,
        type: 3}
      propertyPath: m_LocalPosition.x
      value: -0.22161102
      objectReference: {fileID: 0}
    - target: {fileID: 8405628866438559644, guid: 39eccc9bc40264e4c9cac4e0045c470e,
        type: 3}
      propertyPath: m_LocalPosition.y
      value: 2.1889124
      objectReference: {fileID: 0}
    - target: {fileID: 8405628866438559644, guid: 39eccc9bc40264e4c9cac4e0045c470e,
        type: 3}
      propertyPath: m_LocalPosition.z
      value: 0.80078125
      objectReference: {fileID: 0}
    - target: {fileID: 8405628866438559644, guid: 39eccc9bc40264e4c9cac4e0045c470e,
        type: 3}
      propertyPath: m_LocalRotation.x
      value: -0
      objectReference: {fileID: 0}
    - target: {fileID: 8405628866438559644, guid: 39eccc9bc40264e4c9cac4e0045c470e,
        type: 3}
      propertyPath: m_LocalRotation.y
      value: -0
      objectReference: {fileID: 0}
    - target: {fileID: 8405628866438559644, guid: 39eccc9bc40264e4c9cac4e0045c470e,
        type: 3}
      propertyPath: m_LocalRotation.z
      value: 1
      objectReference: {fileID: 0}
    - target: {fileID: 8405628866438559644, guid: 39eccc9bc40264e4c9cac4e0045c470e,
        type: 3}
      propertyPath: m_LocalRotation.w
      value: 0
      objectReference: {fileID: 0}
    - target: {fileID: 8405628866438559644, guid: 39eccc9bc40264e4c9cac4e0045c470e,
        type: 3}
      propertyPath: m_RootOrder
      value: 0
      objectReference: {fileID: 0}
    - target: {fileID: 8405628866438559644, guid: 39eccc9bc40264e4c9cac4e0045c470e,
        type: 3}
      propertyPath: m_LocalEulerAnglesHint.x
      value: 0
      objectReference: {fileID: 0}
    - target: {fileID: 8405628866438559644, guid: 39eccc9bc40264e4c9cac4e0045c470e,
        type: 3}
      propertyPath: m_LocalEulerAnglesHint.y
      value: 0
      objectReference: {fileID: 0}
    - target: {fileID: 8405628866438559644, guid: 39eccc9bc40264e4c9cac4e0045c470e,
        type: 3}
      propertyPath: m_LocalEulerAnglesHint.z
      value: 180
      objectReference: {fileID: 0}
    m_RemovedComponents: []
  m_SourcePrefab: {fileID: 100100000, guid: 39eccc9bc40264e4c9cac4e0045c470e, type: 3}
--- !u!4 &5994599547956292410 stripped
Transform:
  m_CorrespondingSourceObject: {fileID: 8405628866438559644, guid: 39eccc9bc40264e4c9cac4e0045c470e,
    type: 3}
  m_PrefabInstance: {fileID: 2852980252331744422}
  m_PrefabAsset: {fileID: 0}
--- !u!1 &6963860142463919086 stripped
GameObject:
  m_CorrespondingSourceObject: {fileID: 5130527461722832712, guid: 39eccc9bc40264e4c9cac4e0045c470e,
    type: 3}
  m_PrefabInstance: {fileID: 2852980252331744422}
  m_PrefabAsset: {fileID: 0}
